@book {atiyah,
    AUTHOR = {Atiyah, M. F. and Macdonald, I. G.},
     TITLE = {Introduction to commutative algebra},
 PUBLISHER = {Addison-Wesley Publishing Co., Reading, Mass.-London-Don
              Mills, Ont.},
      YEAR = {1969},
     PAGES = {ix+128},
   MRCLASS = {13.00},
  MRNUMBER = {0242802},
MRREVIEWER = {J. A. Johnson},
}

@book {dummit,
    AUTHOR = {Dummit, David S. and Foote, Richard M.},
     TITLE = {Abstract algebra},
   EDITION = {Third},
 PUBLISHER = {John Wiley \& Sons, Inc., Hoboken, NJ},
      YEAR = {2004},
     PAGES = {xii+932},
      ISBN = {0-471-43334-9},
   MRCLASS = {00-01 (16-01 20-01)},
  MRNUMBER = {2286236},
}

@incollection {essen,
    AUTHOR = {van den Essen, Arno},
     TITLE = {Polynomial maps and the {J}acobian conjecture},
 BOOKTITLE = {Computational aspects of {L}ie group representations and
              related topics ({A}msterdam, 1990)},
    SERIES = {CWI Tract},
    VOLUME = {84},
     PAGES = {29--44},
 PUBLISHER = {Math. Centrum, Centrum Wisk. Inform., Amsterdam},
      YEAR = {1991},
   MRCLASS = {14E07 (13B10 13P10 14E09 15A15)},
  MRNUMBER = {1120030},
MRREVIEWER = {L. Andrew Campbell},
}

@book {eisenbud,
    AUTHOR = {Eisenbud, David},
     TITLE = {Commutative algebra},
    SERIES = {Graduate Texts in Mathematics},
    VOLUME = {150},
      NOTE = {With a view toward algebraic geometry},
 PUBLISHER = {Springer-Verlag, New York},
      YEAR = {1995},
     PAGES = {xvi+785},
      ISBN = {0-387-94268-8; 0-387-94269-6},
   MRCLASS = {13-01 (14A05)},
  MRNUMBER = {1322960},
MRREVIEWER = {Matthew Miller},
       DOI = {10.1007/978-1-4612-5350-1},
       URL = {https://doi-org.ezproxybib.pucp.edu.pe/10.1007/978-1-4612-5350-1},
}

@book {fulton,
    AUTHOR = {Fulton, William},
     TITLE = {Algebraic curves},
    SERIES = {Advanced Book Classics},
      NOTE = {An introduction to algebraic geometry,
              Notes written with the collaboration of Richard Weiss,
              Reprint of 1969 original},
 PUBLISHER = {Addison-Wesley Publishing Company, Advanced Book Program,
              Redwood City, CA},
      YEAR = {1989},
     PAGES = {xxii+226},
      ISBN = {0-201-51010-3},
   MRCLASS = {14Hxx (14-01)},
  MRNUMBER = {1042981},
}

@book {gortz,
    AUTHOR = {Görtz, Ulrich and Wedhorn, Torsten},
     TITLE = {Algebraic geometry {I}},
    SERIES = {Advanced Lectures in Mathematics},
      NOTE = {Schemes with examples and exercises},
 PUBLISHER = {Vieweg + Teubner, Wiesbaden},
      YEAR = {2010},
     PAGES = {viii+615},
      ISBN = {978-3-8348-0676-5},
   MRCLASS = {14-01},
  MRNUMBER = {2675155},
MRREVIEWER = {Cícero Carvalho},
       DOI = {10.1007/978-3-8348-9722-0},
       URL = {https://doi-org.ezproxybib.pucp.edu.pe/10.1007/978-3-8348-9722-0},
}

@book {griffiths,
    AUTHOR = {Griffiths, Phillip and Harris, Joseph},
     TITLE = {Principles of algebraic geometry},
    SERIES = {Wiley Classics Library},
      NOTE = {Reprint of the 1978 original},
 PUBLISHER = {John Wiley \& Sons, Inc., New York},
      YEAR = {1994},
     PAGES = {xiv+813},
      ISBN = {0-471-05059-8},
   MRCLASS = {14-01},
  MRNUMBER = {1288523},
       DOI = {10.1002/9781118032527},
       URL = {https://doi-org.ezproxybib.pucp.edu.pe/10.1002/9781118032527},
}

@book {harris,
    AUTHOR = {Harris, Joe},
     TITLE = {Algebraic geometry},
    SERIES = {Graduate Texts in Mathematics},
    VOLUME = {133},
      NOTE = {A first course,
              Corrected reprint of the 1992 original},
 PUBLISHER = {Springer-Verlag, New York},
      YEAR = {1995},
     PAGES = {xx+328},
      ISBN = {0-387-97716-3},
   MRCLASS = {14-01},
  MRNUMBER = {1416564},
}

@book {hartshorne,
    AUTHOR = {Hartshorne, Robin},
     TITLE = {Algebraic geometry},
      NOTE = {Graduate Texts in Mathematics, No. 52},
 PUBLISHER = {Springer-Verlag, New York-Heidelberg},
      YEAR = {1977},
     PAGES = {xvi+496},
      ISBN = {0-387-90244-9},
   MRCLASS = {14-01},
  MRNUMBER = {0463157},
MRREVIEWER = {Robert Speiser},
}

@book {kirwan,
    AUTHOR = {Kirwan, Frances},
     TITLE = {Complex algebraic curves},
    SERIES = {London Mathematical Society Student Texts},
    VOLUME = {23},
 PUBLISHER = {Cambridge University Press, Cambridge},
      YEAR = {1992},
     PAGES = {viii+264},
      ISBN = {0-521-41251-X; 0-521-42353-8},
   MRCLASS = {14Hxx (14-01)},
  MRNUMBER = {1159092},
MRREVIEWER = {S. Zdravkovska},
       DOI = {10.1017/CBO9780511623929},
       URL = {https://doi-org.ezproxybib.pucp.edu.pe/10.1017/CBO9780511623929},
}

@book {kobayashi,
    AUTHOR = {Kobayashi, Shoshichi and Nomizu, Katsumi},
     TITLE = {Foundations of differential geometry. {V}ol. {II}},
    SERIES = {Wiley Classics Library},
      NOTE = {Reprint of the 1969 original,
              A Wiley-Interscience Publication},
 PUBLISHER = {John Wiley \& Sons, Inc., New York},
      YEAR = {1996},
     PAGES = {xvi+468},
      ISBN = {0-471-15732-5},
   MRCLASS = {53-01},
  MRNUMBER = {1393941},
}

@misc{stacks,
    shorthand    = {Stacks},
    author       = {The {Stacks Project Authors}},
    title        = {\textit{Stacks Project}},
    howpublished = {\url{https://stacks.math.columbia.edu}},
    year         = {2018},
}
